<?xml version="1.0" encoding="UTF-8"?><collection><record><leader>06360ntm a2200733 a 4500</leader><controlfield tag="001">006805674</controlfield><controlfield tag="003">MiAaHDL</controlfield><controlfield tag="005">20190719000000.0</controlfield><controlfield tag="006">m        d        </controlfield><controlfield tag="007">cr bn ---auaua</controlfield><controlfield tag="008">090601s1602    xx            00| ||ara d</controlfield><datafield tag="035" ind1=" " ind2=" "><subfield code="a">(MiU)006805674</subfield></datafield><datafield tag="035" ind1=" " ind2=" "><subfield code="a">sdr-miu006805674</subfield></datafield><datafield tag="040" ind1=" " ind2=" "><subfield code="a">MiU</subfield><subfield code="c">MiU</subfield><subfield code="e">amremm</subfield></datafield><datafield tag="043" ind1=" " ind2=" "><subfield code="a">n-us-mi</subfield></datafield><datafield tag="100" ind1="0" ind2=" "><subfield code="6">880-01</subfield><subfield code="a">Suyūṭī,</subfield><subfield code="d">1445-1505.</subfield></datafield><datafield tag="240" ind1="1" ind2="0"><subfield code="6">880-02</subfield><subfield code="a">Maqāmāt.</subfield><subfield code="k">Selections</subfield></datafield><datafield tag="245" ind1="1" ind2="0"><subfield code="6">880-03</subfield><subfield code="a">Min Maqāmāt al-ḥāfiẓ al-Suyūṭī,</subfield><subfield code="f">[1011, i.e. 1602].</subfield></datafield><datafield tag="260" ind1=" " ind2=" "><subfield code="c">[1602].</subfield></datafield><datafield tag="300" ind1=" " ind2=" "><subfield code="a">35 leaves :</subfield><subfield code="b">paper ;</subfield><subfield code="c">198 x 149 (155 x 99) mm.</subfield></datafield><datafield tag="500" ind1=" " ind2=" "><subfield code="a">Shelfmark: Ann Arbor, University of Michigan, Special Collections Library, Isl. Ms. 649</subfield></datafield><datafield tag="500" ind1=" " ind2=" "><subfield code="a">Origin: As appears at close on p.69 (in what seems to be a different hand), transcription completed end of Ṣafar 1011 [August 1602].</subfield></datafield><datafield tag="500" ind1=" " ind2=" "><subfield code="a">Accompanying materials: Acquisitions slip from Yahuda.</subfield></datafield><datafield tag="500" ind1=" " ind2=" "><subfield code="a">Former shelfmark: From inner front cover and label on lower cover, "IL 356" (likely supplied by Yahuda, see acquisitions slip).</subfield></datafield><datafield tag="500" ind1=" " ind2=" "><subfield code="a">Binding: Pasteboards covered in marbled paper (in dark blue, green, red, yellow, and orange on white) with spine, fore edge flap, and edges/turn-ins in light brown leather (framed binding) ; Type II binding (with flap) ; board linings in orange-tinted laid paper ; sewn in light yellow thread, four stations, many threads broken ; overall in fair condition with some abrasion, staining, minor lifting and losses of leather, etc. ; fully detached from text block.</subfield></datafield><datafield tag="500" ind1=" " ind2=" "><subfield code="a">Support: European laid paper with 8 laid lines per cm. (vertical), chain lines spaced 28-29 mm. apart (horizontal), and anchor in circle with leaf above watermark (50 mm. tall, see pp.6-7, etc.) ; well-burnished to glossy, sturdy.</subfield></datafield><datafield tag="500" ind1=" " ind2=" "><subfield code="a">Decoration: Headings and keywords rubricated ; textual dividers in the form of red discs.</subfield></datafield><datafield tag="500" ind1=" " ind2=" "><subfield code="a">Script: Naskh ; clear Egyptian or 'Syrian' hand in a medium line ; virtually serifless with curvilinear descenders, pointing in distinct dots, hamzah used (al-hamzah al-mutawassiṭah al-maksūrah appears seated to the right of the pointed yāʼ, e.g. opening on p.18), occasional vocalization.</subfield></datafield><datafield tag="500" ind1=" " ind2=" "><subfield code="a">Layout: Written in 13 lines per page ; frame-ruled (impression of ruling board evident).</subfield></datafield><datafield tag="500" ind1=" " ind2=" "><subfield code="a">Collation: III (6), 2 V(26), IV+1 (35) ; catchwords present ; pagination in pencil, Western numerals, supplied during digitization (before collation and while quires were out of order with second and third quire switched ; during collation correct pagination was added).</subfield></datafield><datafield tag="500" ind1=" " ind2=" "><subfield code="a">Colophon: [al-Maqāmah al-yāqūtīyah] "Scribal," reads "تمت بحمد الله وعونه وحسن توفيقه والحمد لله وحده وصلى الله على سيدنا محمد واله وسلم بتاريخ اواخر صفر الخير سنة احد عشر والف"</subfield></datafield><datafield tag="500" ind1=" " ind2=" "><subfield code="a">Incipit: [al-Maqāmah al-tuffāḥīyah] "قال مولانا شيخ الحديث جلال الدين رحمه الله سألت طائفة فاقهة عن مناقب الفاكهة وصفاتها المشاكهة ..." ; [al-Maqāmah al-zumurrudīyah fī al-khaḍrawāt] "قال مولانا شيخ الحديث جلال الدين السيوطي رحمه الله سأل سائل عن اهل الوسائل من يقصد في المسائل ويرصد لديوان الرسائل عن الخضروات السبعة ..." ; [al-Maqāmah al-fustuqīyah] "قال مولانا الشيخ جلال الدين السيوطي مرت من النقول طائفة على النقول عائفة تروم الافصاح عن منافعها والايضاح ..." ; [ al-Maqāmah al-yāqūtīyah ] "قال مولانا شيخ الحديث جلال الدين السيوطي اجتمع سبعة من اليواقيت لبضعة من المواقيت ..."</subfield></datafield><datafield tag="500" ind1=" " ind2=" "><subfield code="a">Title from inscription on upper cover ; title for each maqāmah found on its respective 'title page' (p.1, 17, 27, 39).</subfield></datafield><datafield tag="500" ind1=" " ind2=" "><subfield code="a">Ms. codex.</subfield></datafield><datafield tag="505" ind1="0" ind2=" "><subfield code="a">6. p.70 : [blank].</subfield></datafield><datafield tag="505" ind1="0" ind2=" "><subfield code="a">4. p.[49]-p.69 : al-Maqāmah al-yāqūtīyah / al-Suyūṭī.</subfield></datafield><datafield tag="505" ind1="0" ind2=" "><subfield code="a">3. p.[48] : [blank].</subfield></datafield><datafield tag="505" ind1="0" ind2=" "><subfield code="a">2. p.[39]-p.[47] : al-Maqāmah al-fustuqīyah / al-Suyūṭī.</subfield></datafield><datafield tag="505" ind1="0" ind2=" "><subfield code="a">5. p.[23]-p.[38] : al-Maqāmah al-zumurrudīyah fī al-khaḍrawāt / al-Suyūṭī.</subfield></datafield><datafield tag="505" ind1="0" ind2=" "><subfield code="a">1. p.1-p.[22] : al-Maqāmah al-tuffāḥīyah / al-Suyūṭī.</subfield></datafield><datafield tag="510" ind1="4" ind2=" "><subfield code="a">Brockelmann, C. "Maḳāma." in EI2,</subfield><subfield code="c">Vol. VI, p. 107, col. 1</subfield></datafield><datafield tag="510" ind1="4" ind2=" "><subfield code="a">Ḥājjī Khalīfah. Kashf al-ẓunūn,</subfield><subfield code="c">vi 55</subfield></datafield><datafield tag="510" ind1="4" ind2=" "><subfield code="a">Brockelmann, C. GAL,</subfield><subfield code="c">II 158 (no. 302)</subfield></datafield><datafield tag="520" ind1="8" ind2=" "><subfield code="a">Fine copy of a selection of four of the maqāmāt composed by the famous and prolific author and scholar, al-Suyūṭī (d.1505). The maqāmāt here address fruits, vegetables, nuts, and precious stones.</subfield></datafield><datafield tag="538" ind1=" " ind2=" "><subfield code="a">Mode of access: Internet.</subfield></datafield><datafield tag="541" ind1=" " ind2=" "><subfield code="a">Acquired in 1926 from the bookseller Isaac Benjamin S.E. Yahuda via purchase transacted on his behalf by Abraham Shalom Yahuda (1877-1951), his younger brother.</subfield></datafield><datafield tag="546" ind1=" " ind2=" "><subfield code="a">Arabic.</subfield></datafield><datafield tag="561" ind1=" " ind2=" "><subfield code="a">Ownership statement on 'title page' (p.1) in name of Aḥmad Muṣṭafá al-Salamūnī ( احمد مصطفى السلموني ), reads "ملك الفقير احمد مصطفى السلموني" ; occasional corrections.</subfield></datafield><datafield tag="650" ind1=" " ind2="0"><subfield code="a">Manuscripts, Arabic</subfield><subfield code="z">Michigan</subfield><subfield code="z">Ann Arbor.</subfield></datafield><datafield tag="650" ind1=" " ind2="0"><subfield code="a">Arabic prose literature</subfield><subfield code="v">Early works to 1800.</subfield></datafield><datafield tag="700" ind1="0" ind2=" "><subfield code="6">880-08</subfield><subfield code="a">Aḥmad Muṣṭafá al-Salamūnī,</subfield><subfield code="e">former owner.</subfield></datafield><datafield tag="740" ind1="0" ind2="2"><subfield code="6">880-07</subfield><subfield code="a">Maqāmah al-yāqūtīyah</subfield></datafield><datafield tag="740" ind1="0" ind2="2"><subfield code="6">880-06</subfield><subfield code="a">Maqāmah al-fustuqīyah</subfield></datafield><datafield tag="740" ind1="0" ind2="2"><subfield code="6">880-05</subfield><subfield code="a">Maqāmah al-zumurrudīyah fī al-khaḍrawāt</subfield></datafield><datafield tag="740" ind1="0" ind2="2"><subfield code="6">880-04</subfield><subfield code="a">Maqāmah al-tuffāḥīyah</subfield></datafield><datafield tag="773" ind1="0" ind2=" "><subfield code="a">Yahuda Collection.</subfield></datafield><datafield tag="880" ind1="0" ind2=" "><subfield code="6">700-08/</subfield><subfield code="a">احمد مصطفى السلموني،</subfield><subfield code="e">مالك سابق.</subfield></datafield><datafield tag="880" ind1="0" ind2="2"><subfield code="6">740-07/</subfield><subfield code="a">مقامة الياقوتية</subfield></datafield><datafield tag="880" ind1="0" ind2="2"><subfield code="6">740-06/</subfield><subfield code="a">مقامة الفستقية</subfield></datafield><datafield tag="880" ind1="0" ind2="2"><subfield code="6">740-05/</subfield><subfield code="a">مقامة الزمردية في الخضروات</subfield></datafield><datafield tag="880" ind1="0" ind2="2"><subfield code="6">740-04/</subfield><subfield code="a">مقامة التفاحية</subfield></datafield><datafield tag="880" ind1="1" ind2="0"><subfield code="6">245-03/</subfield><subfield code="a">من مقامات الحافظ السيوطي,</subfield><subfield code="f">[1011ه، 1602م].</subfield></datafield><datafield tag="880" ind1="1" ind2="0"><subfield code="6">240-02/</subfield><subfield code="a">مقامات.</subfield><subfield code="k">مختارات</subfield></datafield><datafield tag="880" ind1="0" ind2=" "><subfield code="6">100-01/</subfield><subfield code="a">سيوطي</subfield></datafield><datafield tag="CID" ind1=" " ind2=" "><subfield code="a">006805674</subfield></datafield><datafield tag="DAT" ind1="0" ind2=" "><subfield code="a">20190719102637.0</subfield><subfield code="b">20190719000000.0</subfield></datafield><datafield tag="DAT" ind1="1" ind2=" "><subfield code="a">20190719090653.0</subfield><subfield code="b">2019-07-19T16:11:33Z</subfield></datafield><datafield tag="DAT" ind1="2" ind2=" "><subfield code="a">2015-10-02T18:00:03Z</subfield></datafield><datafield tag="CAT" ind1=" " ind2=" "><subfield code="a">SDR-MIU</subfield><subfield code="d">EX LIBRIS - ALEPH</subfield><subfield code="l">prepare.pl-004-008</subfield></datafield><datafield tag="FMT" ind1=" " ind2=" "><subfield code="a">BK</subfield></datafield><datafield tag="HOL" ind1=" " ind2=" "><subfield code="0">sdr-miu006805674</subfield><subfield code="a">MiU</subfield><subfield code="b">SDR</subfield><subfield code="c">MIU</subfield><subfield code="p">mdp.39015079127505</subfield><subfield code="s">MIU</subfield><subfield code="1">006805674</subfield></datafield><datafield tag="974" ind1=" " ind2=" "><subfield code="b">MIU</subfield><subfield code="c">MIU</subfield><subfield code="d">20190719</subfield><subfield code="s">lit-dlps-dc</subfield><subfield code="u">mdp.39015079127505</subfield><subfield code="y">1602</subfield><subfield code="r">pd</subfield><subfield code="q">bib</subfield><subfield code="t">non-US bib date1 &lt; 1896</subfield></datafield></record></collection>